@Incollection{Bartuschat1994,
crossref = {YovelSegal1994},
author = {Bartuschat, Wolfgang},
title = {The Infinite Intellect and Human Knowledge},
pages = {187--208},
booktitle = {Spinoza on Knowledge and the Human Mind: Papers Presented at the Second Jerusalem Conference (Ethica II)}
}


@Book{Delahunty1985,
author = {Delahunty, R. J.}, 
title = {Spinoza}, 
volume = {}, 
pages = {}, 
editor = {}, 
publisher = {Routledge}, 
address = {London}, 
year = {1985}, 
keywords = {}}

@Book{OxHandbookSpinoza,
	title = {The {{Oxford}} Handbook of {{Spinoza}}},
	year = {2017},
	editor = {Della Rocca, Michael},
	pages = {204--219},
	publisher = {Oxford University Press},
	address = {New York}
}

@MVBook{CSM,
author = {Descartes, Ren{\'e}}, 
title = {The Philosophical Writings of {{Descartes}}}, 
volumes = {2},
editor = {Cottingham, John and Stoothoff, Robert and Murdoch, Dugald}, 
publisher = {Cambridge University Press}, 
address = {Cambridge},
year = {1984--1985},
shorthand = {CSM}}

@Book{CSM1,
author = {Descartes, Ren{\'e}}, 
title = {The Philosophical Writings of {{Descartes}}}, 
volume = {1}, 
pages = {434}, 
editor = {Cottingham, John and Stoothoff, Robert and Murdoch, Dugald}, 
publisher = {Cambridge University Press}, 
address = {Cambridge}, 
year = {1985},
keywords = {Descartes},
shorthand = {CSM \textsc{i}}}

@Book{CSM2,
author = {Descartes, Ren{\'e}}, 
title = {The Philosophical Writings of {{Descartes}}}, 
volume = {2}, 
pages = {444}, 
editor = {Cottingham, John and Stoothoff, Robert and Murdoch, Dugald}, 
publisher = {Cambridge University Press}, 
address = {Cambridge}, 
year = {1985},
keywords = {Descartes},
shorthand = {CSM \textsc{ii}}}

@Book{Descartes1989a,
author = {Descartes, Ren{\'e}}, 
title = {The Passions of the Soul}, 
volume = {}, 
pages = {}, 
editor = {}, 
publisher = {Hackett}, 
address = {Indianapolis}, 
year = {1989}, 
abstract = {}, 
keywords = {}}

@Book{CSMK,
author = {Descartes, Ren{\'e}}, 
title = {The Philosophical Writings of {{Descartes}}}, 
volume = {3},
editor = {Cottingham, John and Stoothoff, Robert and Murdoch, Dugald and Kenny, Anthony}, 
publisher = {Cambridge University Press}, 
address = {Cambridge}, 
year = {1991},
keywords = {Descartes},
shorthand = {CSMK}}

@MVBook{AT,
author = {Descartes, Ren{\'e}}, 
title = {{\OE}uvres de {{Descartes}}}, 
volumes = {12},
editor = {Adam, Charles and Tannery, Paul}, 
publisher = {J. Vrin}, 
address = {Paris}, 
year = {1996}, 
keywords = {Descartes, Primary},
shorthand = {AT}}

@Book{AT1,
author = {Descartes, Ren{\'e}}, 
title = {{\OE}uvres de {{Descartes}}}, 
volume = {1}, 
pages = {}, 
editor = {Adam, Charles and Tannery, Paul}, 
publisher = {J. Vrin}, 
address = {Paris}, 
year = {1996}, 
abstract = {}, 
keywords = {Descartes},
shorthand = {AT \textsc{i}}}

@Book{AT2,
author = {Descartes, Ren{\'e}}, 
title = {{\OE}uvres de {{Descartes}}}, 
volume = {2}, 
pages = {}, 
editor = {Adam, Charles and Tannery, Paul}, 
publisher = {J. Vrin}, 
address = {Paris}, 
year = {1996}, 
abstract = {}, 
keywords = {},
shorthand = {AT \textsc{ii}}}

@Book{AT3,
author = {Descartes, Ren{\'e}}, 
title = {{\OE}uvres de {{Descartes}}}, 
volume = {3}, 
pages = {}, 
editor = {Adam, Charles and Tannery, Paul}, 
publisher = {J. Vrin}, 
address = {Paris}, 
year = {1996}, 
abstract = {}, 
keywords = {},
shorthand = {AT \textsc{iii}}}

@Book{AT4,
author = {Descartes, Ren{\'e}}, 
title = {{\OE}uvres de {{Descartes}}}, 
volume = {4}, 
pages = {}, 
editor = {Adam, Charles and Tannery, Paul}, 
publisher = {J. Vrin}, 
address = {Paris}, 
year = {1996}, 
abstract = {}, 
keywords = {},
shorthand = {AT \textsc{iv}}}

@Book{AT5,
author = {Descartes, Ren{\'e}}, 
title = {{\OE}uvres de {{Descartes}}}, 
volume = {5}, 
pages = {}, 
editor = {Adam, Charles and Tannery, Paul}, 
publisher = {J. Vrin}, 
address = {Paris}, 
year = {1996}, 
abstract = {}, 
keywords = {},
shorthand = {AT \textsc{v}}}

@Book{AT6,
author = {Descartes, Ren{\'e}}, 
title = {{\OE}uvres de {{Descartes}}}, 
volume = {6}, 
pages = {}, 
editor = {Adam, Charles and Tannery, Paul}, 
publisher = {J. Vrin}, 
address = {Paris}, 
year = {1996}, 
abstract = {}, 
keywords = {},
shorthand = {AT \textsc{vi}}}

@Book{AT7,
author = {Descartes, Ren{\'e}}, 
title = {{\OE}uvres de {{Descartes}}}, 
volume = {7}, 
pages = {}, 
editor = {Adam, Charles and Tannery, Paul}, 
publisher = {J. Vrin}, 
address = {Paris}, 
year = {1996}, 
abstract = {}, 
keywords = {},
shorthand = {AT \textsc{vii}}}

@Book{AT8,
author = {Descartes, Ren{\'e}}, 
title = {{\OE}uvres de {{Descartes}}}, 
volume = {8}, 
pages = {}, 
editor = {Adam, Charles and Tannery, Paul}, 
publisher = {J. Vrin}, 
address = {Paris}, 
year = {1996}, 
abstract = {}, 
keywords = {},
shorthand = {AT \textsc{viii}}}

@Book{AT9,
author = {Descartes, Ren{\'e}}, 
title = {{\OE}uvres de {{Descartes}}}, 
volume = {9}, 
pages = {}, 
editor = {Adam, Charles and Tannery, Paul}, 
publisher = {J. Vrin}, 
address = {Paris}, 
year = {1996}, 
abstract = {}, 
keywords = {},
shorthand = {AT \textsc{ix}}}

@Book{AT10,
author = {Descartes, Ren{\'e}}, 
title = {{\OE}uvres de {{Descartes}}}, 
volume = {10}, 
pages = {}, 
editor = {Adam, Charles and Tannery, Paul}, 
publisher = {J. Vrin}, 
address = {Paris}, 
year = {1996}, 
abstract = {}, 
keywords = {},
shorthand = {AT \textsc{x}}}

@Book{AT11,
author = {Descartes, Ren{\'e}}, 
title = {{\OE}uvres de {{Descartes}}}, 
volume = {11}, 
pages = {}, 
editor = {Adam, Charles and Tannery, Paul}, 
publisher = {J. Vrin}, 
address = {Paris}, 
year = {1996}, 
abstract = {}, 
keywords = {},
shorthand = {AT \textsc{xi}}}

@Book{Descartes1998a,
author = {Descartes, Ren{\'e}}, 
title = {Descartes: \emph{The world} and other writings}, 
volume = {}, 
pages = {}, 
editor = {Gaukroger, Stephen}, 
publisher = {}, 
address = {}, 
year = {1998}, 
abstract = {Descartes' The World offers the most comprehensive vision of the nature of the world since Aristotle, and is crucial for an understanding of his later writings, in particular the Meditations and Principles of Philosophy. Above all, it provides an insight into how Descartes.}, 
keywords = {Descartes}}

@book{DeleuzeExpressionism,
author = {Deleuze, Gilles},
translator = {Joughin, Martin},
title= {Expressionism in philosophy: Spinoza},
address = {New York Cambridge, Mass },
publisher = {Zone Books},
year = {1990},
origyear = {1968}
}

@Article{Deveaux2003,
 author = {Deveaux, Sherry},
 journal = {Synthese},
 number = {3},
 pages = {329--338},
 publisher = {Springer},
 title = {The Divine Essence and the Conception of {{God}} in {{Spinoza}}},
 volume = {135},
 year = {2003}
}

@article{Haserot1953,
 author = {Francis S. Haserot},
 journal = {The Philosophical Review},
 number = {4},
 pages = {499--513},
 publisher = {[Duke University Press, Philosophical Review]},
 title = {Spinoza's Definition of Attribute},
 volume = {62},
 year = {1953}
}

@Book{Hegel1990,
author = {Hegel, G. W. F.}, 
title = {Lectures on the History of Philosophy: The Lectures of 1825--1826, Volume III: Medieval and Modern Philosophy}, 
volume = {3}, 
pages = {}, 
editor = {Brown, R F}, 
publisher = {University of California Press}, 
address = {Berkeley, CA}, 
year = {1990}, 
abstract = {}, 
keywords = {}}

@article{Husted1987,
	year = {1987},
	pages = {121--131},
	journal = {Proceedings of the {{American Catholic Philosophical Association}}},
	author = {James H. Husted},
	volume = {61},
	title = {Spinoza's Conception of the Attributes of Substance}
}

@unpublished{Hutchins:StandpointInt,
	author = {Hutchins, Barnaby R.},
	title = {Spinoza, attributes, and metametaphysical pluralism: The standpoint interpretation}
}

@Incollection{Jonas1986,
	title = {Parallelism and Complementarity: The Psycho-Physical Problem in {{Spinoza}} and in the Succession of {{Niels Bohr}}},
	editor = {Grene, Marjorie G. and Nails, Debra},
	publisher = {Kluwer Academic Publishers},
	address = {Dordrecht},
	pages = {237--247},
	author = {Hans Jonas},
	year = {1986},
	booktitle = {Spinoza and the Sciences}
}

@Book{Martineau1895,
author = {Martineau, James}, 
title = {A Study of {{Spinoza}}}, 
volume = {}, 
pages = {}, 
editor = {}, 
publisher = {Macmillan}, 
address = {London}, 
year = {1895}, 
abstract = {}, 
keywords = {}}

@Incollection{Melamed2017,
	author = {Melamed, Yitzhak}, 
	title = {The Building Blocks of {{Spinoza's}} Metaphysics},
	booktitle = {The Oxford Handbook of Spinoza},
	crossref = {OxHandbookSpinoza},
	pages = {84-113},
	doi = {10.1093/oxfordhb/9780195335828.013.006}
}

@Incollection{Renz2017,
	author = {Renz, Ursula},
	title = {Finite Subjects in the \emph{Ethics}: {{Spinoza}} on Indexical Knowledge, the First Person, and the Individuality of Human Minds},
	crossref = {OxHandbookSpinoza},
	booktitle = {The {{Oxford}} Handbook of {{Spinoza}}},
	pages = {204--219},
	doi = {10.1093/oxfordhb/9780195335828.013.010}
}

@Book{RenzExplainability,
  title = {The Explainability of Experience: Realism and Subjectivity in {{Spinoza's}} Theory of the Human Mind},
  author = {Renz, Ursula},
  year = {2018},
  publisher = {Oxford University Press},
  address = {New York},
  doi = {10.1093/oso/9780199350162.001.0001}
}

@Incollection{Renz:SPsychology,
	title = {Spinozistic Cognitive Psychology: {{Spinoza's}} Concept of the Imagination},
	author = {Renz, Ursula},
	year = {2019},
	booktitle = {{{Konzepte der Einbildungskraft in der Philosophie den Wissenschaften und den KÃ¼nsten des 18. Jahrhunderts. Udo Thiel zum 65. Geburtstag}}},
	publisher = {De Gruyter},
	address = {Berlin and Boston},
	pubstate = {forthcoming}
}

@Incollection{RenzWaldner:Prophecy,
	title = {Spinoza's views on prophecy and the prophets revisited},
	author = {Renz, Ursula and Philip Waldner},
	pubstate = {forthcoming}
}

@book{RenzEtAl2011, 
  title = {{Spinoza's \emph{{{Ethics}}}: A Collective Commentary}}, 
  author = {Hampe, Michael and Renz, Ursula and Schnepf, Robert}, 
  editor = {Michael Hampe,Ursula Renz,Robert Schnepf}, 
  address = {Leiden},
  publisher = {Brill}, 
  isbn = {9789004202450},
  date = {2011}
}


@Incollection{schmidtFormalDistinction,
	place={Cambridge},
	series={Cambridge Companions to Philosophy},
	title={Substance Monism and Identity Theory in {{Spinoza}}},
	booktitle={The {{Cambridge}} Companion to {{Spinoza's}} \emph{{{Ethics}}}},
	publisher={Cambridge University Press},
	author={Schmidt, Andreas},
	editor={Koistinen, Olli},
	year={2009},
	pages={79--98},
	doi = {10.1017/CCOL9780521853392.005}
}

@Incollection{Schliesser2011,
	author = {Schliesser, Eric}, 
	title = {Spinoza's Conatus as an essence preserving, attribute-neutral immanent cause: toward a new interpretation of attributes and modes}, 
	booktitle = {Causation and Modern Philosophy}, 
	editor = {Allen, Keith and Stoneham, Tom}, 
	publisher = {Routledge}, 
	address = {New York}, 
	pages = {65-86}, 
	year = {2011}, 
	abstract = {}, 
keywords = {}
}

@Article{Shein2009,
	author = {Shein, Noa}, 
	title = {The False Dichotomy between Objective and Subjective Interpretations of {{Spinoza's}} Theory of Attributes}, 
	journal = {British Journal for the History of Philosophy}, 
	volume = {17}, 
	number = {3}, 
	pages = {505--532}, 
	year = {2009},
	location = {}, 
	doi = {10.1080/09608780902986631},
	keywords = {}
}

@Book{StrawsonIndividuals,
  title = {Individuals: An Essay in Descriptive Metaphysics},
  author = {Strawson, P.F.},
  year = {1959},
  publisher = {Routledge},
  address = {London}
}


@MVBook{G,
author = {Spinoza, Benedictus de}, 
title = {Spinoza Opera}, 
volumes = {4}, 
editor = {Gebhardt, Carl}, 
publisher = {C. Winter}, 
address = {Heidelberg}, 
year = {1972}, 
abstract = {}, 
keywords = {},
shorthand = {G}}

@MVBook{C,
author = {Spinoza, Benedictus de}, 
title = {The Collected Works of {{Spinoza}}}, 
volumes = {2}, 
editor = {Curley, E. M.}, 
translator = {Curley, E. M.}, 
publisher = {Princeton University Press}, 
address = {Princeton}, 
year = {1985/2016}, 
abstract = {},
shorthand = {C}}

@Book{C1,
author = {Spinoza, Benedictus de}, 
title = {The collected works of {{Spinoza}}}, 
volume = {1}, 
pages = {}, 
editor = {Curley, E. M.}, 
translator = {Curley, E. M.}, 
publisher = {Princeton University Press}, 
address = {Princeton}, 
year = {1985}, 
abstract = {},
shorthand = {C \textsc{i}}}

@Bookinbook{CM,
title = {Appendix Containing Metaphysical Thoughts},
volume = {1},
year = {1985},
pages = {299--346},
shorthand = {CM},
crossref = {C}}

@Book{EthicsBoyle,
	author = {Spinoza, Benedictus de},
	title = {Spinoza's \emph{{{Ethics}}}; And, \enquote{\emph{{{De}} Intellectus Emendatione}}},
	translator = {Boyle, Andrew},
	publisher = {J. M. Dent and Sons},
	address = {London},
	date = {1910}
}

@Incollection{Santayana:EthicsIntro,
	author = {Santayana, George},
	title = {Introduction},
	pages = {xviii--xix},
	booktitle = {Spinoza's \emph{{{Ethics}}}; And, \enquote{\emph{{{De}} Intellectus Emendatione}}},
	crossref = {EthicsBoyle}
}

@article{Sprigge:MindOfGod,
 author = {Sprigge, T. L. S.},
 journal = {Iyyun: The {{Jerusalem}} Philosophical Quarterly},
 pages = {253--272},
 title = {The Mind of {{Spinoza's}} {{God}}},
 volume = {50},
 date = {2001}
}

@Book{Suarez1947,
author = {Su{\'a}rez, Francisco}, 
title = {On the various kinds of distinctions (\foreign{latin}{Disputationes metaphysic{\ae}, Disputatio VII, de variis distinctionum generibus})}, 
volume = {}, 
pages = {67}, 
translator = {Vollert, Cyril O.}, 
publisher = {Marquette Univ. Press}, 
address = {Milwaukee}, 
year = {1947}, 
abstract = {}, 
keywords = {Ontology.}}

@article{WallerSpinozaIntermediate,
author = {Waller, Jason},
title = {{Spinoza's Attributes and the \enquote{Intermediate} Distinctions of {{Henry}} of {{Ghent}} and {{Duns Scotus}}}},
journal = {Florida Philosophical Review},
year = {2009},
volume = {9},
number = {1},
pages = {91--105}
}

@Book{Wolfson1934,
author = {Wolfson, Harry A.}, 
title = {The Philosophy of {{Spinoza}}}, 
volume = {1}, 
pages = {}, 
editor = {}, 
publisher = {Harvard University Press}, 
address = {Cambridge, MA}, 
year = {1934}, 
abstract = {}, 
keywords = {}}

@Book{Descartes1985,
author = {Descartes, Ren{\'e}}, 
title = {The Philosophical Writings of {{Descartes}}}, 
volume = {1}, 
pages = {434}, 
editor = {Cottingham, John and Stoothoff, Robert and Murdoch, Dugald}, 
publisher = {Cambridge University Press}, 
address = {Cambridge}, 
year = {1985}, 
abstract = {Book Description: These two 1985 volumes provide a translation of the philosophical works of Descartes, based on the best available Latin and French texts. They are intended to replace the only reasonably comprehensive selection of his works in English, by Haldane and Ross, first published in 1911. All the works included in that edition are translated here, together with a number of additional texts crucial for an understanding of Cartesian philosophy, including important material from Descartes' scientific writings. The result should meet the widespread demand for an accurate and authoritative edition of Descartes' philosophical writings in clear and readable modern English.}, 
keywords = {Descartes}}

% COLLECTIONS

@Book{YovelSegal1994,
  title = {Spinoza on Knowledge and the Human Mind: Papers Presented at the Second {{Jerusalem}} Conference ({{Ethica}} II)},
  author = {Yovel, Y. and Segal, G.},
  year = {1994},
  publisher = {E.J. Brill},
  address = {Leiden}
}

